<record><leader>00000cas a22000007i 4500</leader><controlfield tag="001">895038988</controlfield><controlfield tag="006">m     o  d        </controlfield><controlfield tag="007">cr |n|000|||||</controlfield><controlfield tag="008">900816d18491850ohuwr neo     0   a0eng  </controlfield><datafield ind1=" " ind2=" " tag="010"><subfield code="a">  2014218801</subfield></datafield><datafield ind1=" " ind2=" " tag="040"><subfield code="a">Nz</subfield><subfield code="b">eng</subfield><subfield code="e">rda</subfield><subfield code="c">Z5A</subfield><subfield code="d">OCLCO</subfield><subfield code="d">DLC</subfield><subfield code="d">OCLCF</subfield></datafield><datafield ind1="0" ind2=" " tag="022"><subfield code="a">2376-1458</subfield><subfield code="2">1</subfield></datafield><datafield ind1="0" ind2=" " tag="029"><subfield code="a">NZ1</subfield><subfield code="b">15700370</subfield></datafield><datafield ind1="1" ind2=" " tag="029"><subfield code="a">NZ1</subfield><subfield code="b">16035148</subfield></datafield><datafield ind1=" " ind2=" " tag="042"><subfield code="a">msc</subfield><subfield code="a">nsdp</subfield></datafield><datafield ind1=" " ind2=" " tag="043"><subfield code="a">n-us-oh</subfield></datafield><datafield ind1="1" ind2="0" tag="050"><subfield code="a">ISSN RECORD</subfield></datafield><datafield ind1="0" ind2="0" tag="082"><subfield code="a">071</subfield><subfield code="2">23</subfield></datafield><datafield ind1="0" ind2=" " tag="130"><subfield code="a">Freeman (Fremont, Ohio)</subfield></datafield><datafield ind1=" " ind2="4" tag="222"><subfield code="a">The freeman</subfield><subfield code="b">(Fremont, Ohio. Online)</subfield></datafield><datafield ind1="0" ind2="4" tag="245"><subfield code="a">The freeman.</subfield></datafield><datafield ind1=" " ind2="1" tag="264"><subfield code="a">Fremont [Ohio] :</subfield><subfield code="b">J. S. Fouke, 1849-1850.</subfield></datafield><datafield ind1=" " ind2=" " tag="300"><subfield code="a">1 online resource</subfield></datafield><datafield ind1=" " ind2=" " tag="310"><subfield code="a">Weekly</subfield></datafield><datafield ind1=" " ind2=" " tag="336"><subfield code="a">text</subfield><subfield code="b">txt</subfield><subfield code="2">rdacontent</subfield></datafield><datafield ind1=" " ind2=" " tag="337"><subfield code="a">computer</subfield><subfield code="b">c</subfield><subfield code="2">rdamedia</subfield></datafield><datafield ind1=" " ind2=" " tag="338"><subfield code="a">online resource</subfield><subfield code="b">cr</subfield><subfield code="2">rdacarrier</subfield></datafield><datafield ind1="1" ind2=" " tag="362"><subfield code="a">Began with volume I, number 32 (October 20, 1849); ceased with volume II, number 12 (June 1, 1850).</subfield></datafield><datafield ind1=" " ind2=" " tag="588"><subfield code="a">Description based on: Volume I, number 32 (October 20, 1849); title from masthead (Chroniclingamerica.loc.gov, viewed November 19, 2014).</subfield></datafield><datafield ind1=" " ind2=" " tag="588"><subfield code="a">Latest issue consulted: Volume II, number 12 (June 1, 1850) (Chroniclingamerica.loc.gov, viewed November 19, 2014).</subfield></datafield><datafield ind1=" " ind2="0" tag="651"><subfield code="a">Fremont (Ohio)</subfield><subfield code="v">Newspapers.</subfield></datafield><datafield ind1=" " ind2="0" tag="651"><subfield code="a">Sandusky County (Ohio)</subfield><subfield code="v">Newspapers.</subfield></datafield><datafield ind1=" " ind2="7" tag="655"><subfield code="a">Newspapers.</subfield><subfield code="2">fast</subfield><subfield code="0">(OCoLC)fst01423814</subfield></datafield><datafield ind1=" " ind2="7" tag="651"><subfield code="a">Ohio</subfield><subfield code="z">Fremont.</subfield><subfield code="2">fast</subfield><subfield code="0">(OCoLC)fst01227962</subfield></datafield><datafield ind1=" " ind2="7" tag="651"><subfield code="a">Ohio</subfield><subfield code="z">Sandusky County.</subfield><subfield code="2">fast</subfield><subfield code="0">(OCoLC)fst01221007</subfield></datafield><datafield ind1="0" ind2=" " tag="730"><subfield code="a">Freeman (Fremont, Ohio : Online)</subfield></datafield><datafield ind1=" " ind2=" " tag="752"><subfield code="a">United States</subfield><subfield code="b">Ohio</subfield><subfield code="c">Sandusky</subfield><subfield code="d">Fremont.</subfield></datafield><datafield ind1="0" ind2="8" tag="776"><subfield code="i">Originally issued in print:</subfield><subfield code="t">Freeman (Fremont, Ohio)</subfield><subfield code="x">2376-144X</subfield><subfield code="w">(DLC)sn 90068958</subfield><subfield code="w">(OCoLC)22228465</subfield></datafield><datafield ind1="0" ind2="0" tag="780"><subfield code="t">Lower Sandusky freeman</subfield><subfield code="x">2376-158X</subfield><subfield code="w">(DLC)  2014218806</subfield><subfield code="w">(OCoLC)895039503</subfield></datafield><datafield ind1="0" ind2="0" tag="785"><subfield code="t">Fremont weekly freeman</subfield><subfield code="x">2376-1482</subfield><subfield code="w">(DLC)  2014218802</subfield><subfield code="w">(OCoLC)895038915</subfield></datafield><datafield ind1="4" ind2="0" tag="856"><subfield code="u">http://www.loc.gov/chroniclingamerica/lccn/sn90068958/issues</subfield></datafield></record>